<record><leader>00000cas a2200000 a 4500</leader><controlfield tag="001">21214814</controlfield><controlfield tag="008">900314c19909999aluwr ne      0   a0eng d</controlfield><datafield ind1=" " ind2=" " tag="010"><subfield code="a">sn 90099009 </subfield></datafield><datafield ind1=" " ind2=" " tag="040"><subfield code="a">AAA</subfield><subfield code="b">eng</subfield><subfield code="c">AAA</subfield><subfield code="d">CPN</subfield><subfield code="d">NSD</subfield><subfield code="d">OCLCQ</subfield></datafield><datafield ind1=" " ind2=" " tag="012"><subfield code="m">1</subfield></datafield><datafield ind1="1" ind2=" " tag="022"><subfield code="a">1056-3288</subfield><subfield code="l">1056-3288</subfield><subfield code="2">1</subfield></datafield><datafield ind1=" " ind2=" " tag="032"><subfield code="a">505740</subfield><subfield code="b">USPS</subfield></datafield><datafield ind1=" " ind2=" " tag="037"><subfield code="b">The Blount Countian, 3rd St. at Washington Ave., PO Box 310, Oneonta, AL 35121</subfield></datafield><datafield ind1=" " ind2=" " tag="042"><subfield code="a">msc</subfield><subfield code="a">nsdp</subfield></datafield><datafield ind1=" " ind2=" " tag="043"><subfield code="a">n-us-al</subfield></datafield><datafield ind1=" " ind2="4" tag="222"><subfield code="a">The Blount countian</subfield></datafield><datafield ind1="0" ind2="4" tag="245"><subfield code="a">The Blount countian.</subfield></datafield><datafield ind1=" " ind2=" " tag="260"><subfield code="a">Oneonta, Ala. :</subfield><subfield code="b">Southern Democrat, Inc.,</subfield><subfield code="c">1990-</subfield></datafield><datafield ind1=" " ind2=" " tag="300"><subfield code="a">v. :</subfield><subfield code="b">ill.</subfield></datafield><datafield ind1=" " ind2=" " tag="310"><subfield code="a">Weekly</subfield></datafield><datafield ind1="0" ind2=" " tag="362"><subfield code="a">Vol. 1, no. 1 (Jan. 3, 1990)-</subfield></datafield><datafield ind1=" " ind2=" " tag="500"><subfield code="a">Editor: Molly Howard Ryan, 1990-</subfield></datafield><datafield ind1=" " ind2=" " tag="588"><subfield code="a">Latest issue consulted: Vol. 1, no. 36 (Sept. 5, 1990).</subfield></datafield><datafield ind1="1" ind2=" " tag="700"><subfield code="a">Ryan, Molly Howard.</subfield></datafield><datafield ind1=" " ind2=" " tag="752"><subfield code="a">United States</subfield><subfield code="b">Alabama</subfield><subfield code="c">Blount</subfield><subfield code="d">Oneonta.</subfield></datafield><datafield ind1="0" ind2="0" tag="780"><subfield code="t">Southern Democrat</subfield><subfield code="w">(DLC)sn 85044741</subfield><subfield code="w">(OCoLC)12038577</subfield></datafield><datafield ind1="1" ind2=" " tag="029"><subfield code="a">AU@</subfield><subfield code="b">000025884049</subfield></datafield></record>